@article{green05,
author = {Green, P. J.},
title = {Reversible jump {M}arkov chain {M}onte {C}arlo computation and {B}ayesian model determination},
journal = {Biometrika},
volume = {82},
pages = {711-732},
year = {1995}
}


@book{denison02,
author = {Denison, D. G. T. and Holmes, C. C. and Mallick, B. K. and Smith, A. F. M.},
title = {Bayesian Methods for Nonlinear Classification and Regression},
year = {2002},
publisher = {Wiley},
address = {West Sussex},
pages={45-63},
}


@article{turcotte15,
author = {Turcotte, M. J. M. and Heard, N. A},
title = {Adaptive sequential Monte Carlo for multiple changepoint analysis},
year = {2015},
journal = {to be submitted},
}